<record><leader>00000cas a22000007a 4500</leader><controlfield tag="001">28514907</controlfield><controlfield tag="008">930726d19311936wyuwr ne      0    0eng d</controlfield><datafield ind1=" " ind2=" " tag="010"><subfield code="a">sn 93070083 </subfield></datafield><datafield ind1=" " ind2=" " tag="040"><subfield code="a">NVO</subfield><subfield code="b">eng</subfield><subfield code="c">NVO</subfield><subfield code="d">OCLCQ</subfield></datafield><datafield ind1=" " ind2=" " tag="042"><subfield code="a">msc</subfield></datafield><datafield ind1="0" ind2=" " tag="130"><subfield code="a">Weekly review (Hillsdale, Wyo.)</subfield></datafield><datafield ind1="1" ind2="4" tag="245"><subfield code="a">The weekly review.</subfield></datafield><datafield ind1=" " ind2=" " tag="260"><subfield code="a">Hillsdale, Wyo. :</subfield><subfield code="b">Acre &amp; Keslar</subfield></datafield><datafield ind1=" " ind2=" " tag="300"><subfield code="a">v.</subfield></datafield><datafield ind1=" " ind2=" " tag="310"><subfield code="a">Weekly</subfield></datafield><datafield ind1="0" ind2=" " tag="362"><subfield code="a">Vol. 1, no. 1 (Sept. 16, 1931)-v. 4, no. 33 (Oct. 30, 1936).</subfield></datafield><datafield ind1=" " ind2=" " tag="500"><subfield code="a">Published in Burns, Wyo., May 15-Oct. 30, 1936.</subfield></datafield><datafield ind1=" " ind2=" " tag="515"><subfield code="a">Suspended.</subfield></datafield><datafield ind1=" " ind2="4" tag="651"><subfield code="a">Hillsdale (Wyo.)</subfield><subfield code="v">Newspapers.</subfield></datafield><datafield ind1=" " ind2="4" tag="651"><subfield code="a">Burns (Wyo.)</subfield><subfield code="v">Newspapers.</subfield></datafield><datafield ind1=" " ind2="4" tag="651"><subfield code="a">Laramie County (Wyo.)</subfield><subfield code="v">Newspapers.</subfield></datafield><datafield ind1=" " ind2=" " tag="752"><subfield code="a">United States</subfield><subfield code="b">Wyoming</subfield><subfield code="c">Laramie</subfield><subfield code="d">Burns.</subfield></datafield><datafield ind1="0" ind2="0" tag="785"><subfield code="t">Burns herald-review</subfield><subfield code="w">(DLC)sn 93070086</subfield></datafield><datafield ind1="1" ind2=" " tag="029"><subfield code="a">AU@</subfield><subfield code="b">000025898541</subfield></datafield></record>